%YAML 1.1
%TAG !u! tag:unity3d.com,2011:
--- !u!1001 &100100000
Prefab:
  m_ObjectHideFlags: 1
  serializedVersion: 2
  m_Modification:
    m_TransformParent: {fileID: 0}
    m_Modifications: []
    m_RemovedComponents: []
  m_ParentPrefab: {fileID: 0}
  m_RootGameObject: {fileID: 1579686796811530}
  m_IsPrefabParent: 1
--- !u!1 &1579686796811530
GameObject:
  m_ObjectHideFlags: 0
  m_PrefabParentObject: {fileID: 0}
  m_PrefabInternal: {fileID: 100100000}
  serializedVersion: 5
  m_Component:
  - component: {fileID: 4657804442264112}
  - component: {fileID: 212841958728842640}
  - component: {fileID: 114040389334971450}
  - component: {fileID: 50946163768498882}
  - component: {fileID: 60439156985564352}
  - component: {fileID: 114520278975581474}
  m_Layer: 0
  m_Name: 2001 pod
  m_TagString: Enemy
  m_Icon: {fileID: 0}
  m_NavMeshLayer: 0
  m_StaticEditorFlags: 0
  m_IsActive: 1
--- !u!4 &4657804442264112
Transform:
  m_ObjectHideFlags: 1
  m_PrefabParentObject: {fileID: 0}
  m_PrefabInternal: {fileID: 100100000}
  m_GameObject: {fileID: 1579686796811530}
  m_LocalRotation: {x: 0, y: 0, z: 0, w: 1}
  m_LocalPosition: {x: -14.352817, y: 5.920731, z: 0}
  m_LocalScale: {x: 1, y: 1, z: 1}
  m_Children: []
  m_Father: {fileID: 0}
  m_RootOrder: 0
  m_LocalEulerAnglesHint: {x: 0, y: 0, z: 0}
--- !u!50 &50946163768498882
Rigidbody2D:
  serializedVersion: 4
  m_ObjectHideFlags: 1
  m_PrefabParentObject: {fileID: 0}
  m_PrefabInternal: {fileID: 100100000}
  m_GameObject: {fileID: 1579686796811530}
  m_BodyType: 0
  m_Simulated: 1
  m_UseFullKinematicContacts: 0
  m_UseAutoMass: 1
  m_Mass: 16.240507
  m_LinearDrag: 0
  m_AngularDrag: 0.05
  m_GravityScale: 0
  m_Material: {fileID: 0}
  m_Interpolate: 0
  m_SleepingMode: 1
  m_CollisionDetection: 0
  m_Constraints: 0
--- !u!60 &60439156985564352
PolygonCollider2D:
  m_ObjectHideFlags: 1
  m_PrefabParentObject: {fileID: 0}
  m_PrefabInternal: {fileID: 100100000}
  m_GameObject: {fileID: 1579686796811530}
  m_Enabled: 1
  m_Density: 1
  m_Material: {fileID: 0}
  m_IsTrigger: 0
  m_UsedByEffector: 0
  m_UsedByComposite: 0
  m_Offset: {x: 0, y: 0}
  m_SpriteTilingProperty:
    border: {x: 0, y: 0, z: 0, w: 0}
    pivot: {x: 0.5, y: 0.5}
    oldSize: {x: 8.7, y: 4.61}
    newSize: {x: 8.7, y: 4.61}
    adaptiveTilingThreshold: 0.5
    drawMode: 0
    adaptiveTiling: 0
  m_AutoTiling: 0
  m_Points:
    m_Paths:
    - - {x: -0.19999999, y: -2.225}
      - {x: 0.47, y: -2.215}
      - {x: 0.69, y: -2.215}
      - {x: 0.75, y: -2.135}
      - {x: 0.97999996, y: -1.8149999}
      - {x: 1.11, y: -1.7149999}
      - {x: 1.1899999, y: -1.615}
      - {x: 1.53, y: -0.935}
      - {x: 1.65, y: -0.91499996}
      - {x: 1.9499999, y: -0.84499997}
      - {x: 2, y: -0.865}
      - {x: 2.19, y: -0.835}
      - {x: 2.28, y: -0.73499995}
      - {x: 2.3, y: -0.685}
      - {x: 2.3899999, y: -0.475}
      - {x: 2.56, y: -0.205}
      - {x: 2.6299999, y: -0.195}
      - {x: 2.6599998, y: -0.175}
      - {x: 2.71, y: -0.065}
      - {x: 2.75, y: 0.055}
      - {x: 2.98, y: 0.355}
      - {x: 3.01, y: 0.345}
      - {x: 3.1999998, y: 0.36499998}
      - {x: 3.29, y: 0.475}
      - {x: 3.26, y: 0.59499997}
      - {x: 3.37, y: 0.705}
      - {x: 3.46, y: 0.765}
      - {x: 3.51, y: 0.825}
      - {x: 3.56, y: 1.015}
      - {x: 3.6499999, y: 1.095}
      - {x: 3.6499999, y: 1.115}
      - {x: 3.61, y: 1.155}
      - {x: 3.52, y: 1.225}
      - {x: 3.56, y: 1.285}
      - {x: 3.54, y: 1.375}
      - {x: 3.34, y: 1.435}
      - {x: 3.12, y: 1.4449999}
      - {x: 2.87, y: 1.3349999}
      - {x: 2.83, y: 1.295}
      - {x: 2.8, y: 0.97499996}
      - {x: 2.74, y: 0.98499995}
      - {x: 2.7, y: 0.955}
      - {x: 2.6499999, y: 0.885}
      - {x: 2.6599998, y: 0.73499995}
      - {x: 2.6799998, y: 0.645}
      - {x: 2.56, y: 0.445}
      - {x: 2.45, y: 0.275}
      - {x: 2.32, y: 0.185}
      - {x: 2.25, y: 0.074999996}
      - {x: 2.28, y: -0.145}
      - {x: 2.1499999, y: -0.355}
      - {x: 2.05, y: -0.355}
      - {x: 1.92, y: -0.445}
      - {x: 1.8399999, y: -0.565}
      - {x: 1.68, y: -0.585}
      - {x: 1.63, y: -0.60499996}
      - {x: 1.63, y: -0.285}
      - {x: 1.5899999, y: -0.16499999}
      - {x: 1.0799999, y: 0.36499998}
      - {x: 0.87, y: 0.78499997}
      - {x: 0.71, y: 1.005}
      - {x: 0.76, y: 1.045}
      - {x: 0.7, y: 1.1949999}
      - {x: 0.84999996, y: 1.3249999}
      - {x: 0.91999996, y: 1.425}
      - {x: 0.97999996, y: 1.615}
      - {x: 1.09, y: 1.7249999}
      - {x: 1.1, y: 1.805}
      - {x: 1.01, y: 1.875}
      - {x: 0.85999995, y: 1.915}
      - {x: 0.77, y: 1.925}
      - {x: 0.74, y: 1.985}
      - {x: 0.77, y: 2.175}
      - {x: 0.63, y: 2.245}
      - {x: 0.61, y: 2.215}
      - {x: 0.56, y: 2.175}
      - {x: 0.56, y: 2.155}
      - {x: 0.57, y: 2.215}
      - {x: 0.56, y: 2.245}
      - {x: 0.48999998, y: 2.2549999}
      - {x: 0.41, y: 2.2549999}
      - {x: 0.39, y: 2.215}
      - {x: 0.32999998, y: 2.125}
      - {x: 0.14999999, y: 1.9749999}
      - {x: 0.17, y: 1.745}
      - {x: 0.17999999, y: 1.5849999}
      - {x: 0.089999996, y: 1.555}
      - {x: -0.19999999, y: 1.655}
      - {x: -0.51, y: 1.7249999}
      - {x: -0.88, y: 1.735}
      - {x: -1.1999999, y: 1.685}
      - {x: -1.4699999, y: 1.605}
      - {x: -1.91, y: 1.385}
      - {x: -2.1499999, y: 1.245}
      - {x: -2.59, y: 0.885}
      - {x: -2.6799998, y: 0.745}
      - {x: -2.69, y: 0.715}
      - {x: -2.75, y: 0.49499997}
      - {x: -2.76, y: 0.445}
      - {x: -2.77, y: 0.375}
      - {x: -2.9199998, y: 0.235}
      - {x: -3.01, y: 0.065}
      - {x: -3.04, y: -0.085}
      - {x: -3.05, y: -0.235}
      - {x: -3.05, y: -0.345}
      - {x: -3.04, y: -0.415}
      - {x: -2.9299998, y: -0.60499996}
      - {x: -2.86, y: -0.685}
      - {x: -2.85, y: -0.815}
      - {x: -2.75, y: -1.055}
      - {x: -2.51, y: -1.385}
      - {x: -2.3899999, y: -1.505}
      - {x: -2.23, y: -1.605}
      - {x: -2.22, y: -1.685}
      - {x: -2.1699998, y: -1.805}
      - {x: -2.07, y: -1.985}
      - {x: -1.92, y: -2.225}
      - {x: -1.88, y: -2.2549999}
      - {x: -1.68, y: -2.2549999}
      - {x: -1.64, y: -2.235}
      - {x: -1.16, y: -2.235}
      - {x: -1.15, y: -2.225}
    - - {x: 2.6399999, y: 0.205}
      - {x: 2.6399999, y: 0.225}
      - {x: 2.6799998, y: 0.275}
      - {x: 2.82, y: 0.505}
      - {x: 2.83, y: 0.53499997}
      - {x: 2.87, y: 0.565}
      - {x: 2.87, y: 0.59499997}
      - {x: 2.86, y: 0.525}
      - {x: 2.6799998, y: 0.265}
      - {x: 2.6799998, y: 0.24499999}
      - {x: 2.61, y: 0.185}
      - {x: 2.61, y: 0.175}
      - {x: 2.62, y: 0.175}
    - - {x: 3.05, y: 1.045}
      - {x: 3.08, y: 1.0849999}
      - {x: 3.03, y: 1.025}
      - {x: 3.05, y: 1.035}
--- !u!114 &114040389334971450
MonoBehaviour:
  m_ObjectHideFlags: 1
  m_PrefabParentObject: {fileID: 0}
  m_PrefabInternal: {fileID: 100100000}
  m_GameObject: {fileID: 1579686796811530}
  m_Enabled: 1
  m_EditorHideFlags: 0
  m_Script: {fileID: 11500000, guid: 9cbd959deaffa4d3d830b8341a273727, type: 3}
  m_Name: 
  m_EditorClassIdentifier: 
  velocity: -0.1
  scoreValue: 0
--- !u!114 &114520278975581474
MonoBehaviour:
  m_ObjectHideFlags: 1
  m_PrefabParentObject: {fileID: 0}
  m_PrefabInternal: {fileID: 100100000}
  m_GameObject: {fileID: 1579686796811530}
  m_Enabled: 1
  m_EditorHideFlags: 0
  m_Script: {fileID: 11500000, guid: 55c4683ad8bf5436099423b8b443a246, type: 3}
  m_Name: 
  m_EditorClassIdentifier: 
--- !u!212 &212841958728842640
SpriteRenderer:
  m_ObjectHideFlags: 1
  m_PrefabParentObject: {fileID: 0}
  m_PrefabInternal: {fileID: 100100000}
  m_GameObject: {fileID: 1579686796811530}
  m_Enabled: 1
  m_CastShadows: 0
  m_ReceiveShadows: 0
  m_DynamicOccludee: 1
  m_MotionVectors: 1
  m_LightProbeUsage: 1
  m_ReflectionProbeUsage: 1
  m_Materials:
  - {fileID: 10754, guid: 0000000000000000f000000000000000, type: 0}
  m_StaticBatchInfo:
    firstSubMesh: 0
    subMeshCount: 0
  m_StaticBatchRoot: {fileID: 0}
  m_ProbeAnchor: {fileID: 0}
  m_LightProbeVolumeOverride: {fileID: 0}
  m_ScaleInLightmap: 1
  m_PreserveUVs: 0
  m_IgnoreNormalsForChartDetection: 0
  m_ImportantGI: 0
  m_StitchLightmapSeams: 0
  m_SelectedEditorRenderState: 0
  m_MinimumChartSize: 4
  m_AutoUVMaxDistance: 0.5
  m_AutoUVMaxAngle: 89
  m_LightmapParameters: {fileID: 0}
  m_SortingLayerID: -115347261
  m_SortingLayer: 1
  m_SortingOrder: 0
  m_Sprite: {fileID: 21300000, guid: 0a6f7ac98d86a9c44ab4fb3aae06772f, type: 3}
  m_Color: {r: 1, g: 1, b: 1, a: 1}
  m_FlipX: 0
  m_FlipY: 0
  m_DrawMode: 0
  m_Size: {x: 8.7, y: 4.61}
  m_AdaptiveModeThreshold: 0.5
  m_SpriteTileMode: 0
  m_WasSpriteAssigned: 1
  m_MaskInteraction: 0
