%YAML 1.1
%TAG !u! tag:unity3d.com,2011:
--- !u!1001 &100100000
Prefab:
  m_ObjectHideFlags: 1
  serializedVersion: 2
  m_Modification:
    m_TransformParent: {fileID: 0}
    m_Modifications: []
    m_RemovedComponents: []
  m_ParentPrefab: {fileID: 0}
  m_RootGameObject: {fileID: 1579686796811530}
  m_IsPrefabParent: 1
--- !u!1 &1579686796811530
GameObject:
  m_ObjectHideFlags: 0
  m_PrefabParentObject: {fileID: 0}
  m_PrefabInternal: {fileID: 100100000}
  serializedVersion: 5
  m_Component:
  - component: {fileID: 4657804442264112}
  - component: {fileID: 212841958728842640}
  - component: {fileID: 114040389334971450}
  - component: {fileID: 50946163768498882}
  - component: {fileID: 60439156985564352}
  - component: {fileID: 114520278975581474}
  m_Layer: 0
  m_Name: enterprise
  m_TagString: Enemy
  m_Icon: {fileID: 0}
  m_NavMeshLayer: 0
  m_StaticEditorFlags: 0
  m_IsActive: 1
--- !u!4 &4657804442264112
Transform:
  m_ObjectHideFlags: 1
  m_PrefabParentObject: {fileID: 0}
  m_PrefabInternal: {fileID: 100100000}
  m_GameObject: {fileID: 1579686796811530}
  m_LocalRotation: {x: 0, y: 0, z: 0, w: 1}
  m_LocalPosition: {x: -0.30772388, y: 1.752097, z: 0}
  m_LocalScale: {x: 1, y: 1, z: 1}
  m_Children: []
  m_Father: {fileID: 0}
  m_RootOrder: 0
  m_LocalEulerAnglesHint: {x: 0, y: 0, z: 0}
--- !u!50 &50946163768498882
Rigidbody2D:
  serializedVersion: 4
  m_ObjectHideFlags: 1
  m_PrefabParentObject: {fileID: 0}
  m_PrefabInternal: {fileID: 100100000}
  m_GameObject: {fileID: 1579686796811530}
  m_BodyType: 0
  m_Simulated: 1
  m_UseFullKinematicContacts: 0
  m_UseAutoMass: 1
  m_Mass: 10.667797
  m_LinearDrag: 0
  m_AngularDrag: 0.05
  m_GravityScale: 0
  m_Material: {fileID: 0}
  m_Interpolate: 0
  m_SleepingMode: 1
  m_CollisionDetection: 0
  m_Constraints: 0
--- !u!60 &60439156985564352
PolygonCollider2D:
  m_ObjectHideFlags: 1
  m_PrefabParentObject: {fileID: 0}
  m_PrefabInternal: {fileID: 100100000}
  m_GameObject: {fileID: 1579686796811530}
  m_Enabled: 1
  m_Density: 1
  m_Material: {fileID: 0}
  m_IsTrigger: 0
  m_UsedByEffector: 0
  m_UsedByComposite: 0
  m_Offset: {x: 0, y: 0}
  m_SpriteTilingProperty:
    border: {x: 0, y: 0, z: 0, w: 0}
    pivot: {x: 0.5, y: 0.5}
    oldSize: {x: 8.7, y: 2.63}
    newSize: {x: 8.7, y: 4.61}
    adaptiveTilingThreshold: 0.5
    drawMode: 0
    adaptiveTiling: 0
  m_AutoTiling: 0
  m_Points:
    m_Paths:
    - - {x: -0.13, y: -1.2149999}
      - {x: 0.04, y: -1.2049999}
      - {x: 0.049999997, y: -1.1949999}
      - {x: 0.39, y: -1.185}
      - {x: 0.59999996, y: -1.165}
      - {x: 0.77, y: -1.145}
      - {x: 0.78, y: -1.175}
      - {x: 0.85999995, y: -1.2149999}
      - {x: 0.96, y: -1.2049999}
      - {x: 1.06, y: -1.105}
      - {x: 1.16, y: -1.0749999}
      - {x: 1.26, y: -1.055}
      - {x: 1.28, y: -1.035}
      - {x: 1.3, y: -0.97499996}
      - {x: 1.38, y: -0.965}
      - {x: 1.4599999, y: -0.865}
      - {x: 1.51, y: -0.825}
      - {x: 1.56, y: -0.755}
      - {x: 1.55, y: -0.59499997}
      - {x: 1.5999999, y: -0.59499997}
      - {x: 1.64, y: -0.525}
      - {x: 1.5699999, y: -0.49499997}
      - {x: 1.53, y: -0.49499997}
      - {x: 1.49, y: -0.405}
      - {x: 1.43, y: -0.355}
      - {x: 1.39, y: -0.345}
      - {x: 1.36, y: -0.36499998}
      - {x: 1.29, y: -0.295}
      - {x: 1.22, y: -0.285}
      - {x: 1.09, y: -0.285}
      - {x: 1.03, y: -0.255}
      - {x: 0.98999995, y: -0.24499999}
      - {x: 1.05, y: -0.195}
      - {x: 1.2099999, y: -0.044999998}
      - {x: 1.3299999, y: -0.035}
      - {x: 1.5, y: -0.055}
      - {x: 1.62, y: -0.065}
      - {x: 1.8399999, y: -0.074999996}
      - {x: 2.3, y: -0.074999996}
      - {x: 2.5, y: -0.065}
      - {x: 2.78, y: -0.035}
      - {x: 3.03, y: 0.005}
      - {x: 3.1799998, y: 0.035}
      - {x: 3.3, y: 0.055}
      - {x: 3.47, y: 0.114999995}
      - {x: 3.6599998, y: 0.185}
      - {x: 3.7099998, y: 0.205}
      - {x: 3.9199998, y: 0.305}
      - {x: 4.04, y: 0.385}
      - {x: 4.14, y: 0.48499998}
      - {x: 4.2, y: 0.575}
      - {x: 4.2599998, y: 0.715}
      - {x: 4.2599998, y: 0.825}
      - {x: 4.21, y: 0.935}
      - {x: 4.13, y: 1.005}
      - {x: 4.0699997, y: 1.0649999}
      - {x: 3.8799999, y: 1.155}
      - {x: 3.55, y: 1.235}
      - {x: 3.3799999, y: 1.265}
      - {x: 3.1399999, y: 1.295}
      - {x: 2.8799999, y: 1.3149999}
      - {x: 2.47, y: 1.3149999}
      - {x: 2.19, y: 1.295}
      - {x: 1.92, y: 1.265}
      - {x: 1.78, y: 1.245}
      - {x: 1.67, y: 1.225}
      - {x: 1.27, y: 1.145}
      - {x: 1.0699999, y: 1.0649999}
      - {x: 0.9, y: 0.995}
      - {x: 0.68, y: 0.885}
      - {x: 0.58, y: 0.815}
      - {x: 0.47, y: 0.695}
      - {x: 0.42, y: 0.585}
      - {x: 0.42999998, y: 0.49499997}
      - {x: 0.45, y: 0.42499998}
      - {x: 0.26999998, y: 0.385}
      - {x: 0.17, y: 0.375}
      - {x: -0.57, y: 0.21499999}
      - {x: -0.85999995, y: 0.155}
      - {x: -0.90999997, y: 0.225}
      - {x: -0.96, y: 0.345}
      - {x: -0.97999996, y: 0.465}
      - {x: -0.81, y: 0.49499997}
      - {x: -0.7, y: 0.515}
      - {x: -0.48999998, y: 0.525}
      - {x: -0.35999998, y: 0.545}
      - {x: -0.22, y: 0.615}
      - {x: -0.14999999, y: 0.66499996}
      - {x: -0.07, y: 0.73499995}
      - {x: -0.04, y: 0.805}
      - {x: -0.03, y: 0.895}
      - {x: -0.049999997, y: 0.98499995}
      - {x: -0.13, y: 1.0749999}
      - {x: -0.19999999, y: 1.115}
      - {x: -0.32, y: 1.135}
      - {x: -0.35, y: 1.125}
      - {x: -0.56, y: 1.0849999}
      - {x: -0.69, y: 1.055}
      - {x: -1.22, y: 0.935}
      - {x: -1.53, y: 0.865}
      - {x: -1.7099999, y: 0.825}
      - {x: -1.75, y: 0.815}
      - {x: -1.8, y: 0.805}
      - {x: -1.8399999, y: 0.79499996}
      - {x: -1.89, y: 0.78499997}
      - {x: -1.93, y: 0.775}
      - {x: -1.9799999, y: 0.765}
      - {x: -2.02, y: 0.755}
      - {x: -2.07, y: 0.745}
      - {x: -2.11, y: 0.73499995}
      - {x: -2.1599998, y: 0.72499996}
      - {x: -2.2, y: 0.715}
      - {x: -2.25, y: 0.705}
      - {x: -2.29, y: 0.695}
      - {x: -2.44, y: 0.66499996}
      - {x: -2.52, y: 0.645}
      - {x: -2.9199998, y: 0.555}
      - {x: -2.98, y: 0.565}
      - {x: -3.03, y: 0.585}
      - {x: -3.1499999, y: 0.585}
      - {x: -3.23, y: 0.555}
      - {x: -3.75, y: 0.42499998}
      - {x: -3.81, y: 0.355}
      - {x: -4.08, y: 0.325}
      - {x: -4.14, y: 0.275}
      - {x: -4.14, y: 0.205}
      - {x: -4.0899997, y: 0.175}
      - {x: -4.0299997, y: 0.055}
      - {x: -3.99, y: 0.005}
      - {x: -3.9399998, y: -0.015}
      - {x: -3.82, y: -0.074999996}
      - {x: -3.79, y: -0.074999996}
      - {x: -3.6699998, y: -0.035}
      - {x: -3.4499998, y: 0.005}
      - {x: -2.97, y: 0.095}
      - {x: -2.58, y: 0.16499999}
      - {x: -2.52, y: 0.175}
      - {x: -2.4199998, y: 0.185}
      - {x: -1.8199999, y: 0.305}
      - {x: -1.7199999, y: 0.315}
      - {x: -1.4399999, y: 0.375}
      - {x: -1.3399999, y: 0.355}
      - {x: -1.24, y: 0.105}
      - {x: -1.28, y: 0.065}
      - {x: -1.73, y: -0.024999999}
      - {x: -1.8499999, y: -0.035}
      - {x: -1.92, y: -0.005}
      - {x: -1.9799999, y: -0.005}
      - {x: -2.19, y: -0.055}
      - {x: -2.33, y: -0.074999996}
      - {x: -2.53, y: -0.13499999}
      - {x: -2.58, y: -0.155}
      - {x: -2.6599998, y: -0.205}
      - {x: -2.69, y: -0.21499999}
      - {x: -2.76, y: -0.24499999}
      - {x: -2.8899999, y: -0.275}
      - {x: -2.9399998, y: -0.295}
      - {x: -2.9399998, y: -0.33499998}
      - {x: -2.86, y: -0.405}
      - {x: -2.86, y: -0.515}
      - {x: -2.79, y: -0.575}
      - {x: -2.7, y: -0.60499996}
      - {x: -2.58, y: -0.615}
      - {x: -2.36, y: -0.565}
      - {x: -1.8199999, y: -0.48499998}
      - {x: -1.7099999, y: -0.45499998}
      - {x: -1.42, y: -0.415}
      - {x: -1.0799999, y: -0.345}
      - {x: -1.01, y: -0.515}
      - {x: -0.97999996, y: -0.695}
      - {x: -1.0699999, y: -0.715}
      - {x: -1.26, y: -0.755}
      - {x: -1.29, y: -0.73499995}
      - {x: -1.3199999, y: -0.73499995}
      - {x: -1.4, y: -0.78499997}
      - {x: -1.43, y: -0.815}
      - {x: -1.4499999, y: -0.945}
      - {x: -1.49, y: -1.035}
      - {x: -1.48, y: -1.115}
      - {x: -1.4399999, y: -1.155}
      - {x: -1.31, y: -1.175}
      - {x: -0.91999996, y: -1.185}
      - {x: -0.84999996, y: -1.255}
      - {x: -0.79999995, y: -1.265}
      - {x: -0.71, y: -1.265}
      - {x: -0.65999997, y: -1.255}
      - {x: -0.52, y: -1.245}
    - - {x: -0.64, y: -0.48499998}
      - {x: -0.64, y: -0.42499998}
      - {x: -0.48999998, y: -0.235}
      - {x: -0.48, y: -0.225}
      - {x: -0.63, y: -0.525}
      - {x: -0.62, y: -0.525}
--- !u!114 &114040389334971450
MonoBehaviour:
  m_ObjectHideFlags: 1
  m_PrefabParentObject: {fileID: 0}
  m_PrefabInternal: {fileID: 100100000}
  m_GameObject: {fileID: 1579686796811530}
  m_Enabled: 1
  m_EditorHideFlags: 0
  m_Script: {fileID: 11500000, guid: 9cbd959deaffa4d3d830b8341a273727, type: 3}
  m_Name: 
  m_EditorClassIdentifier: 
  velocity: -0.1
  scoreValue: 0
--- !u!114 &114520278975581474
MonoBehaviour:
  m_ObjectHideFlags: 1
  m_PrefabParentObject: {fileID: 0}
  m_PrefabInternal: {fileID: 100100000}
  m_GameObject: {fileID: 1579686796811530}
  m_Enabled: 1
  m_EditorHideFlags: 0
  m_Script: {fileID: 11500000, guid: 55c4683ad8bf5436099423b8b443a246, type: 3}
  m_Name: 
  m_EditorClassIdentifier: 
--- !u!212 &212841958728842640
SpriteRenderer:
  m_ObjectHideFlags: 1
  m_PrefabParentObject: {fileID: 0}
  m_PrefabInternal: {fileID: 100100000}
  m_GameObject: {fileID: 1579686796811530}
  m_Enabled: 1
  m_CastShadows: 0
  m_ReceiveShadows: 0
  m_DynamicOccludee: 1
  m_MotionVectors: 1
  m_LightProbeUsage: 1
  m_ReflectionProbeUsage: 1
  m_Materials:
  - {fileID: 10754, guid: 0000000000000000f000000000000000, type: 0}
  m_StaticBatchInfo:
    firstSubMesh: 0
    subMeshCount: 0
  m_StaticBatchRoot: {fileID: 0}
  m_ProbeAnchor: {fileID: 0}
  m_LightProbeVolumeOverride: {fileID: 0}
  m_ScaleInLightmap: 1
  m_PreserveUVs: 0
  m_IgnoreNormalsForChartDetection: 0
  m_ImportantGI: 0
  m_StitchLightmapSeams: 0
  m_SelectedEditorRenderState: 0
  m_MinimumChartSize: 4
  m_AutoUVMaxDistance: 0.5
  m_AutoUVMaxAngle: 89
  m_LightmapParameters: {fileID: 0}
  m_SortingLayerID: -115347261
  m_SortingLayer: 1
  m_SortingOrder: 0
  m_Sprite: {fileID: 21300000, guid: 3dbd4497acd7fe84ebc644d5c9496385, type: 3}
  m_Color: {r: 1, g: 1, b: 1, a: 1}
  m_FlipX: 0
  m_FlipY: 0
  m_DrawMode: 0
  m_Size: {x: 8.7, y: 4.61}
  m_AdaptiveModeThreshold: 0.5
  m_SpriteTileMode: 0
  m_WasSpriteAssigned: 1
  m_MaskInteraction: 0
